<?xml version="1.0" encoding="UTF-8"?><record xmlns="http://www.loc.gov/MARC21/slim" xmlns:cinclude="http://apache.org/cocoon/include/1.0" xmlns:zs="http://www.loc.gov/zing/srw/">
  <leader>00825cz  a2200205n  4500</leader>
  <controlfield tag="001">n  00103454 </controlfield>
  <controlfield tag="003">DLC</controlfield>
  <controlfield tag="005">20001214161544.0</controlfield>
  <controlfield tag="008">001214n| acaaaaaan          |a ana      </controlfield>
  <datafield tag="010" ind1=" " ind2=" ">
    <subfield code="a">n  00103454 </subfield>
  </datafield>
  <datafield tag="040" ind1=" " ind2=" ">
    <subfield code="a">DLC</subfield>
    <subfield code="b">eng</subfield>
    <subfield code="c">DLC</subfield>
  </datafield>
  <datafield tag="130" ind1=" " ind2="0">
    <subfield code="a">Cahiers du Musée de la civilisation.</subfield>
    <subfield code="p">Collections</subfield>
  </datafield>
  <datafield tag="410" ind1="2" ind2=" ">
    <subfield code="a">Musée de la civilisation (Queb́ec).</subfield>
    <subfield code="t">Cahiers du Musée de la civilisation.</subfield>
    <subfield code="p">Collections</subfield>
  </datafield>
  <datafield tag="430" ind1=" " ind2="0">
    <subfield code="a">Collections (Musée de la civilisation (Québec))</subfield>
  </datafield>
  <datafield tag="642" ind1=" " ind2=" ">
    <subfield code="a">1</subfield>
    <subfield code="5">DPCC</subfield>
    <subfield code="5">DLC</subfield>
  </datafield>
  <datafield tag="643" ind1=" " ind2=" ">
    <subfield code="a">Québec</subfield>
    <subfield code="b">Musée de la civilisation</subfield>
  </datafield>
  <datafield tag="644" ind1=" " ind2=" ">
    <subfield code="a">f</subfield>
    <subfield code="5">DLC</subfield>
  </datafield>
  <datafield tag="645" ind1=" " ind2=" ">
    <subfield code="a">t</subfield>
    <subfield code="5">DPCC</subfield>
    <subfield code="5">DLC</subfield>
  </datafield>
  <datafield tag="646" ind1=" " ind2=" ">
    <subfield code="a">s</subfield>
    <subfield code="5">DLC</subfield>
  </datafield>
  <datafield tag="670" ind1=" " ind2=" ">
    <subfield code="a">Tremblay, Myriam. La collection amérindienne du Séminaire de Québec et la part de l'oeuvre de Joseph-Charles Taché, 1998:</subfield>
    <subfield code="b">cover (Les cahiers du Museé de la civilisation, Les collections 1)</subfield>
  </datafield>
</record>